File generated automatically by 'cleanbib' script.

**********************************
* DO NOT EDIT THIS FILE BY HAND! *
**********************************

@book{		  cole1989,
 author = {Cole, Murray I},
 keyword = {Algorithmic skeletons},
 link = {http://homepages.inf.ed.ac.uk/mic/Pubs/skeletonbook.pdf},
 mendeley-tags = {Algorithmic skeletons},
 publisher = {Pitman London},
 title = {Algorithmic Skeletons: Structured Management of Parallel
Computation},
 year = {1989}
}

@phdthesis{	  ansel2009,
 author = {Ansel, Jason},
 school = {MIT},
 title = {PetaBricks: a language and compiler for algorithmic
choice},
 year = {2009}
}

@article{	  ansel2010,
 author = {Ansel, Jason and Chan, Cy},
 doi = {10.1145/1836543.1836554},
 issn = {15284972},
 journal = {XRDS: Crossroads, The ACM Magazine for Students},
 link = {http://dl.acm.org/citation.cfm?doid=1836543.1836554},
 month = {sep},
 number = {1},
 pages = {32},
 title = {PetaBricks},
 volume = {17},
 year = {2010}
}

@inproceedings{	  ansel2012,
 author = {Ansel, Jason and Reilly, Una-may O},
 booktitle = {Proceedings of the 2012 International Conference on
Compilers, Architectures and Synthesis for Embedded
Systems},
 doi = {10.1145/2380403.2380425},
 isbn = {9781450314244},
 keyword = {autotuning,evolutionary algorithm,genetic algorithm},
 link = {http://doi.acm.org/10.1145/2380403.2380425},
 pages = {91--100},
 publisher = {ACM},
 title = {SiblingRivalry: Online Autotuning Through Local
Competitions},
 year = {2012}
}

@phdthesis{	  ansel2014,
 author = {Ansel, Jason},
 keyword = {OpenTuner,PetaBricks},
 school = {Massachusetts Institute of Technology},
 title = {Autotuning Programs with Algorithmic Choice},
 year = {2014}
}

@inproceedings{	  bilmes1997,
 address = {New York, NY, USA},
 author = {Bilmes, Jeff and Asanovic, Krste and Chin, Chee-Whye and
Demmel, Jim},
 booktitle = {Proceedings of the 11th International Conference on
Supercomputing},
 doi = {10.1145/263580.263662},
 link = {http://doi.acm.org/10.1145/263580.263662},
 pages = {340--347},
 publisher = {ACM},
 title = {Optimizing Matrix Multiply Using PHiPAC: A Portable, High-performance, ANSI C Coding Methodology},
 year = {1997}
}

@inproceedings{	  chan2009,
 address = {New York, New York, USA},
 author = {Chan, Cy and Ansel, Jason and Wong, Yee Lok and
Amarasinghe, Saman and Edelman, Alan},
 booktitle = {ACM/IEEE Conference on Supercomputing},
 doi = {10.1145/1654059.1654065},
 isbn = {9781605587448},
 link = {http://dl.acm.org/citation.cfm?doid=1654059.1654065},
 publisher = {ACM Press},
 title = {Autotuning multigrid with PetaBricks},
 year = {2009}
}

@article{	  cole2004,
 author = {Cole, Murray I},
 doi = {10.1016/j.parco.2003.12.002},
 issn = {01678191},
 journal = {Parallel Computing},
 link = {http://linkinghub.elsevier.com/retrieve/pii/S0167819104000080},
 month = {mar},
 number = {3},
 pages = {389--406},
 publisher = {Elsevier},
 title = {Bringing skeletons out of the closet: a pragmatic
manifesto for skeletal parallel programming},
 volume = {30},
 year = {2004}
}

@article{	  collins2012,
 author = {Collins, Alexander and Fensch, Christian and Leather, Hugh},
 doi = {10.1142/S0129626412400051},
 issn = {0129-6264},
 journal = {Parallel Processing Letters},
 keyword = {FastFlow,Multicore,Optimization space exploration,Parallel
skeletons,fastflow,multicore,optimization space
exploration,parallel skeletons},
 link = {http://www.worldscientific.com/doi/abs/10.1142/S0129626412400051},
 mendeley-tags = {FastFlow,Multicore,Optimization space exploration,Parallel
skeletons},
 month = {jun},
 number = {02},
 pages = {1240005},
 title = {Auto-Tuning Parallel Skeletons},
 volume = {22},
 year = {2012}
}

@article{	  collins2013,
 author = {Collins, Alexander and Fensch, Christian and Leather, Hugh
and Cole, Murray},
 doi = {10.1109/HiPC.2013.6799098},
 isbn = {978-1-4799-0730-4},
 journal = {20th Annual International Conference on High Performance
Computing - HiPC},
 link = {http://ieeexplore.ieee.org/lpdocs/epic03/wrapper.htm?arnumber=6799098},
 month = {dec},
 pages = {186--195},
 publisher = {IEEE},
 title = {MaSiF: Machine Learning Guided Auto-tuning of Parallel
Skeletons},
 year = {2013}
}

@inproceedings{	  contreras2008,
 author = {Contreras, Gilberto and Martonosi, Margaret},
 booktitle = {Workload Characterization, 2008. IISWC 2008. IEEE
International Symposium on},
 doi = {10.1109/IISWC.2008.4636091},
 isbn = {978-1-4244-2777-2},
 link = {http://ieeexplore.ieee.org/lpdocs/epic03/wrapper.htm?arnumber=4636091},
 month = {oct},
 pages = {57--66},
 publisher = {IEEE},
 title = {Characterizing and improving the performance of Intel
Threading Building Blocks},
 year = {2008}
}

@inproceedings{	  dastgeer2011,
 author = {Dastgeer, Usman and Enmyren, Johan and Kessler, Christoph
W},
 booktitle = {Proceedings of the 4th International Workshop on Multicore
Software Engineering},
 isbn = {9781450305778},
 link = {http://dl.acm.org/citation.cfm?id=1984697},
 pages = {25--32},
 publisher = {ACM},
 title = {Auto-tuning SkePU: a multi-backend skeleton programming
framework for multi-GPU systems},
 year = {2011}
}

@inproceedings{	  eastep2011,
 address = {New York, NY, USA},
 author = {Eastep, Jonathan and Wingate, David and Agarwal, Anant},
 booktitle = {Proceedings of the 8th ACM International Conference on
Autonomic Computing},
 doi = {10.1145/1998582.1998587},
 isbn = {9781450306072},
 keyword = {auto-tuning,autonomic,concurrent data
structures,performance
optimization,self-aware,synchronization},
 link = {http://doi.acm.org/10.1145/1998582.1998587},
 pages = {11--20},
 publisher = {ACM},
 title = {Smart Data Structures: An Online Machine Learning
Approach to Multicore Data Structures},
 year = {2011}
}

@inproceedings{	  enmyren2010,
 author = {Enmyren, J and Kessler, CW},
 booktitle = {Proceedings of the fourth international workshop on
High-level parallel programming and applications},
 keyword = {CUDA,Data Parallelism,GPU,OpenCL,Skeleton Programming},
 link = {http://dl.acm.org/citation.cfm?id=1863487},
 pages = {5--14},
 publisher = {ACM},
 title = {SkePU: a multi-backend skeleton programming library for
multi-GPU systems},
 year = {2010}
}

@article{	  jeffrey2003,
 author = {Jeffrey, O and David, M},
 journal = {Computer},
 number = {1},
 pages = {41--50},
 publisher = {IEEE},
 title = {The Vision of Autonomic Computing},
 volume = {36},
 year = {2003}
}

@inproceedings{	  rul2010,
 author = {Rul, Sean and Vandierendonck, Hans and Haene, Joris D and
Bosschere, Koen De},
 booktitle = {2010 Symposium on Application Accelerators in High
Performance Computing (SAAHPC'10)},
 pages = {4--6},
 title = {An Experimental Study on Performance Portability of
OpenCL Kernels},
 year = {2010}
}

@inproceedings{	  ryoo2008,
 address = {New York, New York, USA},
 author = {Ryoo, Shane and Rodrigues, Christopher I. and Stone, Sam
S. and Baghsorkhi, Sara S. and Ueng, Sain-Zee and Stratton, John a. and Hwu, Wen-mei W.},
 booktitle = {Proceedings of the 6th annual IEEE/ACM international
symposium on Code generation and optimization},
 doi = {10.1145/1356058.1356084},
 isbn = {9781595939784},
 keyword = {gpgpu,optimization,parallel computing},
 link = {http://portal.acm.org/citation.cfm?doid=1356058.1356084},
 pages = {195--204},
 publisher = {ACM Press},
 title = {Program optimization space pruning for a multithreaded
GPU},
 year = {2008}
}

@inproceedings{	  steuwer2011,
 author = {Steuwer, Michel and Kegel, Philipp and Gorlatch, Sergei},
 booktitle = {Parallel and Distributed Processing Workshops and Phd
Forum (IPDPSW), 2011 IEEE International Symposium on},
 doi = {10.1109/IPDPS.2011.269},
 isbn = {978-1-61284-425-1},
 keyword = {Algorithmic Skeletons,CUDA,GPU Computing,GPU
Programming,Multi-GPU Systems,OpenCL,SkelCL},
 link = {http://ieeexplore.ieee.org/lpdocs/epic03/wrapper.htm?arnumber=6008967},
 month = {may},
 pages = {1176--1182},
 publisher = {IEEE},
 title = {SkelCL - A Portable Skeleton Library for High-Level GPU
Programming},
 year = {2011}
}

@inproceedings{	  steuwer2012,
 author = {Steuwer, Michel and Kegel, Philipp and Gorlatch, Sergei},
 booktitle = {Parallel and Distributed Processing Symposium Workshops \&
PhD Forum (IPDPSW), 2012 IEEE 26th International},
 doi = {10.1109/IPDPSW.2012.229},
 isbn = {978-1-4673-0974-5},
 keyword = {Algorithmic Skeletons,GPU Computing,GPU
Programming,Multi-GPU,OpenCL,SkelCL,Systems},
 link = {http://ieeexplore.ieee.org/lpdocs/epic03/wrapper.htm?arnumber=6270864},
 month = {may},
 pages = {1858--1865},
 publisher = {Ieee},
 title = {Towards High-Level Programming of Multi-GPU Systems Using
the SkelCL Library},
 year = {2012}
}

@article{	  steuwer2013,
 author = {Steuwer, Michel and Gorlatch, Sergei},
 doi = {10.1016/j.procs.2013.05.239},
 issn = {18770509},
 journal = {Procedia Computer Science},
 keyword = {Algorithmic Skeletons,Image Reconstruction,LM OSEM
Algorithm,Multi-GPU Computing,SkelCL},
 link = {http://linkinghub.elsevier.com/retrieve/pii/S1877050913003827},
 month = {jan},
 pages = {749--758},
 publisher = {Elsevier B.V.},
 title = {High-level Programming for Medical Imaging on Multi-GPU
Systems Using the SkelCL Library},
 volume = {18},
 year = {2013}
}

@article{	  steuwer2013a,
 author = {Steuwer, Michel and Gorlatch, Sergei},
 doi = {10.1007/978-3-642-39958-9\_24},
 journal = {Parallel Computing Technologies},
 link = {http://dx.doi.org/10.1007/978-3-642-39958-9\_24},
 pages = {258--272},
 publisher = {Springer Berlin Heidelberg},
 title = {SkelCL: Enhancing OpenCL for High-Level Programming of
Multi-GPU Systems},
 volume = {7979},
 year = {2013}
}

@techreport{	  striegnitz2000,
 author = {Striegnitz, J},
 link = {http://www.fz-juelich.de/zam/FACT Abstract.},
 number = {September},
 title = {Making C ++ Ready for Algorithmic Skeletons},
 volume = {2000},
 year = {2000}
}

@inproceedings{	  tesauro2005,
 author = {Tesauro, Gerald},
 booktitle = {AAAI},
 pages = {886--891},
 title = {Online Resource Allocation Using Decompositional
Reinforcement Learning},
 year = {2005}
}

