@manual{ibm2003uml,
  title        = "UML basics: An introduction to the Unified Modeling Language",
  author       = "Bell, D.",
  organization = "IBM Corporation",
  year         = "2003",
  url          = "http://www.ibm.com/developerworks/rational/library/769.html"
}
