File generated automatically by 'cleanbib' script.

**********************************
* DO NOT EDIT THIS FILE BY HAND! *
**********************************

@book{		  cole1989,
 author = {Cole, Murray I},
 keyword = {Algorithmic skeletons},
 link = {http://homepages.inf.ed.ac.uk/mic/Pubs/skeletonbook.pdf},
 mendeley-tags = {Algorithmic skeletons},
 publisher = {Pitman London},
 title = {Algorithmic Skeletons: Structured Management of Parallel
Computation},
 year = {1989}
}

@inproceedings{	  agakov,
 author = {Agakov, Felix and Bonilla, Edwin and Cavazos, John and
{Franke, Bj\"{o}rn} and Fursin, Grigori and O'Boyle, Michael FP and Thomson, John and Toussaint, Marc and
Williams, Christopher KI},
 booktitle = {Proceedings of the International Symposium on Code
Generation and Optimization},
 doi = {10.1109/CGO.2006.37},
 isbn = {0-7695-2499-0},
 link = {http://ieeexplore.ieee.org/lpdocs/epic03/wrapper.htm?arnumber=1611549},
 pages = {295--305},
 publisher = {IEEE Computer Society},
 title = {Using Machine Learning to Focus Iterative Optimization},
 year = {2006}
}

@inproceedings{	  ansel2009a,
 address = {New York, NY, USA},
 author = {Ansel, Jason and Chan, Cy and Wong, Yee Lok and Olszewski, Marek and Zhao, Qin and Edelman, Alan and Amarasinghe, Saman},
 booktitle = {Proceedings of the 2009 ACM SIGPLAN Conference on
Programming Language Design and Implementation},
 doi = {10.1145/1542476.1542481},
 isbn = {9781605583921},
 keyword = {adaptive,algorithmic choice,autotuning,compiler,implicitly
parallel,language},
 link = {http://doi.acm.org/10.1145/1542476.1542481},
 number = {6},
 pages = {38--49},
 publisher = {ACM},
 title = {PetaBricks: A Language and Compiler for Algorithmic
Choice},
 volume = {44},
 year = {2009}
}

@inproceedings{	  ansel2012,
 author = {Ansel, Jason and Reilly, Una-may O},
 booktitle = {Proceedings of the 2012 International Conference on
Compilers, Architectures and Synthesis for Embedded
Systems},
 doi = {10.1145/2380403.2380425},
 isbn = {9781450314244},
 keyword = {autotuning,evolutionary algorithm,genetic algorithm},
 link = {http://doi.acm.org/10.1145/2380403.2380425},
 pages = {91--100},
 publisher = {ACM},
 title = {SiblingRivalry: Online Autotuning Through Local
Competitions},
 year = {2012}
}

@inproceedings{	  auler2014,
 author = {Auler, Rafael and Borin, Edson and de Halleux, Peli and
Moskal, Michal and Tillmann, Nikolai},
 booktitle = {Compiler Construction},
 keyword = {Adaptive compilation,JavaScript engines,just-in-time
compilation},
 pages = {218--237},
 publisher = {Springer},
 title = {Addressing JavaScript JIT engines performance quirks: A
crowdsourced adaptive compiler},
 year = {2014}
}

@inproceedings{	  bala2000,
 address = {New York, NY, USA},
 author = {Bala, Vasanth and Duesterwald, Evelyn and Banerjia, Sanjeev},
 booktitle = {Proceedings of the ACM SIGPLAN 2000 Conference on
Programming Language Design and Implementation - PLDI '00},
 doi = {10.1145/349299.349303},
 isbn = {1581131992},
 link = {http://doi.acm.org/10.1145/349299.349303},
 number = {5},
 pages = {1--12},
 publisher = {ACM},
 title = {Dynamo: A Transparent Dynamic Optimization System},
 volume = {35},
 year = {2000}
}

@article{	  cole2004,
 author = {Cole, Murray I},
 doi = {10.1016/j.parco.2003.12.002},
 issn = {01678191},
 journal = {Parallel Computing},
 link = {http://linkinghub.elsevier.com/retrieve/pii/S0167819104000080},
 month = {mar},
 number = {3},
 pages = {389--406},
 publisher = {Elsevier},
 title = {Bringing skeletons out of the closet: a pragmatic
manifesto for skeletal parallel programming},
 volume = {30},
 year = {2004}
}

@article{	  collins2012,
 author = {Collins, Alexander and Fensch, Christian and Leather, Hugh},
 doi = {10.1142/S0129626412400051},
 issn = {0129-6264},
 journal = {Parallel Processing Letters},
 keyword = {FastFlow,Multicore,Optimization space exploration,Parallel
skeletons,fastflow,multicore,optimization space
exploration,parallel skeletons},
 link = {http://www.worldscientific.com/doi/abs/10.1142/S0129626412400051},
 mendeley-tags = {FastFlow,Multicore,Optimization space exploration,Parallel
skeletons},
 month = {jun},
 number = {02},
 pages = {1240005},
 title = {Auto-Tuning Parallel Skeletons},
 volume = {22},
 year = {2012}
}

@article{	  collins2013,
 author = {Collins, Alexander and Fensch, Christian and Leather, Hugh
and Cole, Murray},
 doi = {10.1109/HiPC.2013.6799098},
 isbn = {978-1-4799-0730-4},
 journal = {20th Annual International Conference on High Performance
Computing- HiPC},
 link = {http://ieeexplore.ieee.org/lpdocs/epic03/wrapper.htm?arnumber=6799098},
 month = {dec},
 pages = {186--195},
 publisher = {IEEE},
 title = {MaSiF: Machine Learning Guided Auto-tuning of Parallel
Skeletons},
 year = {2013}
}

@article{	  fursin2005,
 author = {Fursin, Grigori and Cohen, Albert and O’Boyle, Michael
and Temam, Olivier and Method, A Practical},
 doi = {10.1007/11587514\_4},
 journal = {High Performance Embedded Architectures and Compilers},
 link = {http://dx.doi.org/10.1007/11587514\_4},
 pages = {29--46},
 publisher = {Springer Berlin Heidelberg},
 title = {A Practical Method for Quickly Evaluating Program
Optimizations},
 volume = {3793},
 year = {2005}
}

@article{	  fursin2010,
 author = {Fursin, Grigori and Temam, Olivier},
 doi = {10.1007/978-3-540-92990-1\_5},
 issn = {15443566},
 journal = {High Performance Embedded Architectures and Compilers},
 link = {http://dx.doi.org/10.1007/978-3-540-92990-1\_5},
 month = {dec},
 pages = {34--49},
 publisher = {Springer},
 title = {Collective Optimization},
 volume = {5409},
 year = {2009}
}

@article{	  fursin2011,
 author = {Fursin, Grigori and Kashnikov, Yuriy and Memon, Abdul
Wahid and Chamski, Zbigniew and Temam, Olivier and
Namolaru, Mircea and Yom-Tov, Elad and Mendelson, Bilha and
Zaks, Ayal and Courtois, Eric and Bodin, Francois and
Barnard, Phil and Ashton, Elton and Bonilla, Edwin and
Thomson, John and Williams, Christopher K. I. and
O’Boyle, Michael},
 doi = {10.1007/s10766-010-0161-2},
 issn = {0885-7458},
 journal = {International Journal of Parallel Programming},
 keyword = {Adaptive compilation,Adaptive compiler,Automatic
performance tuning,Collective optimization,Continuous
optimization,Empirical performance tuning,Feedback-directed
compilation,Iterative compilation,Machine learning,Machine
learning compiler,Multi-objective optimization,Optimization
prediction,Optimization repository,Portable
optimization,Program characterization,Program
features,Self-tuning compiler},
 link = {http://link.springer.com/10.1007/s10766-010-0161-2},
 month = {jan},
 number = {3},
 pages = {296--327},
 publisher = {Springer},
 title = {Milepost GCC: Machine Learning Enabled Self-tuning
Compiler},
 volume = {39},
 year = {2011}
}

@article{	  fursin2014,
 author = {Fursin, Grigori and Miceli, Renato and Lokhmotov, Anton
and Gerndt, Michael and Baboulin, Marc and Malony, Allen D
and Chamski, Zbigniew and Novillo, Diego and {Del Vento}, Davide},
 journal = {Scientific Programming},
 keyword = {NoSQL repository,agile development,big data driven
optimization,code and data sharing,collaborative
experimentation,collaborative knowledge management,data
mining,high performance computing,machine learning,model
driven optimization,modeling of computer
behavior,multi-objective optimization,open access
publication model,performance prediction,performance
regression buildbot,plugin-based tuning,public repository
of knowledge,reproducible research,specification
sharing,systematic auto-tuning,systematic benchmarking},
 number = {4},
 pages = {309--329},
 publisher = {IOS Press},
 title = {Collective Mind: Towards practical and collaborative
auto-tuning},
 volume = {22},
 year = {2014}
}

@inproceedings{	  georges2007,
 address = {New York, NY, USA},
 author = {Georges, Andy and Buytaert, Dries and Eeckhout, Lieven},
 booktitle = {Proceedings of the 22Nd Annual ACM SIGPLAN Conference on
Object-oriented Programming Systems and Applications},
 doi = {10.1145/1297027.1297033},
 isbn = {9781595937865},
 issn = {03621340},
 keyword = {benchmarking,data analysis,java,methodolgy,statistics},
 link = {http://doi.acm.org/10.1145/1297027.1297033},
 month = {oct},
 number = {10},
 pages = {57},
 publisher = {ACM},
 title = {Statistically Rigorous Java Performance Evaluation},
 volume = {42},
 year = {2007}
}

@inproceedings{	  steuwer2011,
 author = {Steuwer, Michel and Kegel, Philipp and Gorlatch, Sergei},
 booktitle = {Parallel and Distributed Processing Workshops and Phd
Forum (IPDPSW), 2011 IEEE International Symposium on},
 doi = {10.1109/IPDPS.2011.269},
 isbn = {978-1-61284-425-1},
 keyword = {Algorithmic Skeletons,CUDA,GPU Computing,GPU
Programming,Multi-GPU Systems,OpenCL,SkelCL},
 link = {http://ieeexplore.ieee.org/lpdocs/epic03/wrapper.htm?arnumber=6008967},
 month = {may},
 pages = {1176--1182},
 publisher = {IEEE},
 title = {SkelCL - A Portable Skeleton Library for High-Level GPU
Programming},
 year = {2011}
}

@inproceedings{	  steuwer2012,
 author = {Steuwer, Michel and Kegel, Philipp and Gorlatch, Sergei},
 booktitle = {Parallel and Distributed Processing Symposium Workshops \&
PhD Forum (IPDPSW), 2012 IEEE 26th International},
 doi = {10.1109/IPDPSW.2012.229},
 isbn = {978-1-4673-0974-5},
 keyword = {Algorithmic Skeletons,GPU Computing,GPU
Programming,Multi-GPU,OpenCL,SkelCL,Systems},
 link = {http://ieeexplore.ieee.org/lpdocs/epic03/wrapper.htm?arnumber=6270864},
 month = {may},
 pages = {1858--1865},
 publisher = {Ieee},
 title = {Towards High-Level Programming of Multi-GPU Systems Using
the SkelCL Library},
 year = {2012}
}

@article{	  steuwer2013a,
 author = {Steuwer, Michel and Gorlatch, Sergei},
 doi = {10.1007/978-3-642-39958-9\_24},
 journal = {Parallel Computing Technologies},
 link = {http://dx.doi.org/10.1007/978-3-642-39958-9\_24},
 pages = {258--272},
 publisher = {Springer Berlin Heidelberg},
 title = {SkelCL: Enhancing OpenCL for High-Level Programming of
Multi-GPU Systems},
 volume = {7979},
 year = {2013}
}

@inproceedings{	  yotov2003,
 address = {New York, New York, USA},
 author = {Yotov, Kamen and Wu, Peng and Li, Xiaoming and Ren, Gang
and Cibulskis, Michael and DeJong, Gerald and Garzaran, Maria and Padua, David and Pingali, Keshav and Stodghill, Paul},
 booktitle = {Proceedings of the ACM SIGPLAN 2003 conference on
Programming Language Design and Implementation - PLDI '03},
 doi = {10.1145/781139.781140},
 isbn = {1581136625},
 keyword = {BLAS,Blocking,Code generation,Compilers,Empirical
optimization,Memory hierarchy,Model-driven
optimization,Program transformation,Tiling,Unrolling},
 link = {http://portal.acm.org/citation.cfm?doid=781131.781140},
 pages = {63--76},
 publisher = {ACM Press},
 title = {A Comparison of Empirical and Model-driven
Optimization},
 year = {2003}
}

