File generated automatically by 'cleanbib' script.

**********************************
* DO NOT EDIT THIS FILE BY HAND! *
**********************************

@inproceedings{	  chan2009,
 address = {New York, New York, USA},
 author = {Chan, Cy and Ansel, Jason and Wong, Yee Lok and
Amarasinghe, Saman and Edelman, Alan},
 booktitle = {ACM/IEEE Conference on Supercomputing},
 doi = {10.1145/1654059.1654065},
 isbn = {9781605587448},
 link = {http://dl.acm.org/citation.cfm?doid=1654059.1654065},
 publisher = {ACM Press},
 title = {Autotuning multigrid with PetaBricks},
 year = {2009}
}

@inproceedings{	  christen2011,
 author = {Christen, Matthias and Schenk, Olaf and Burkhart, Helmar},
 booktitle = {Parallel \& Distributed Processing Symposium (IPDPS), 2011
IEEE International},
 doi = {10.1109/IPDPS.2011.70},
 isbn = {978-1-61284-372-8},
 keyword = {autotuning,code generation,high performance
computing,stencil computations},
 link = {http://ieeexplore.ieee.org/lpdocs/epic03/wrapper.htm?arnumber=6012879},
 month = {may},
 pages = {676--687},
 publisher = {IEEE},
 title = {PATUS: A Code Generation and Autotuning Framework for
Parallel Iterative Stencil Computations on Modern
Microarchitectures},
 year = {2011}
}

@article{	  collins2013,
 author = {Collins, Alexander and Fensch, Christian and Leather, Hugh
and Cole, Murray},
 doi = {10.1109/HiPC.2013.6799098},
 isbn = {978-1-4799-0730-4},
 journal = {20th Annual International Conference on High Performance
Computing - HiPC},
 link = {http://ieeexplore.ieee.org/lpdocs/epic03/wrapper.htm?arnumber=6799098},
 month = {dec},
 pages = {186--195},
 publisher = {IEEE},
 title = {MaSiF: Machine Learning Guided Auto-tuning of Parallel
Skeletons},
 year = {2013}
}

@inproceedings{	  dastgeer2011,
 author = {Dastgeer, Usman and Enmyren, Johan and Kessler, Christoph
W},
 booktitle = {Proceedings of the 4th International Workshop on Multicore
Software Engineering},
 isbn = {9781450305778},
 link = {http://dl.acm.org/citation.cfm?id=1984697},
 pages = {25--32},
 publisher = {ACM},
 title = {Auto-tuning SkePU: a multi-backend skeleton programming
framework for multi-GPU systems},
 year = {2011}
}

@phdthesis{	  dastgeer2011,
 author = {Dastgeer, Usman},
 isbn = {9789173930666},
 number = {1504},
 pages = {107},
 title = {Skeleton Programming for Heterogeneous GPU-based
Systems},
 year = {2011}
}

@article{	  kamil2010,
 author = {Kamil, Shoaib and Chan, Cy and Oliker, Leonid and Shall, John and Williams, Samuel},
 doi = {10.1109/IPDPS.2010.5470421},
 isbn = {9781424464432},
 issn = {15302075},
 journal = {Proceedings of the 2010 IEEE International Symposium on
Parallel and Distributed Processing, IPDPS 2010},
 link = {http://ieeexplore.ieee.org/xpls/abs\_all.jsp?arnumber=5470421},
 title = {An auto-tuning framework for parallel multicore stencil
computations},
 year = {2010}
}

@article{	  lutz2013,
 author = {Lutz, Thibaut and Fensch, Christian and Cole, Murray},
 doi = {10.1145/2400682.2400718},
 issn = {15443566},
 journal = {ACM Transactions on Architecture and Code Optimization},
 link = {http://dl.acm.org/citation.cfm?doid=2400682.2400718},
 number = {4},
 pages = {1--24},
 title = {PARTANS: An Autotuning Framework for Stencil Computation
on Multi-GPU Systems},
 volume = {9},
 year = {2013}
}

@inproceedings{	  magni2014,
 author = {Magni, Alberto and Dubach, Christophe and O'Boyle, Michael},
 booktitle = {International Conference on Parallel Architectures and
Compilation},
 doi = {10.1145/2628071.2628087},
 isbn = {9781450328098},
 link = {http://dl.acm.org/citation.cfm?doid=2628071.2628087},
 pages = {455--466},
 title = {Automatic optimization of thread-coarsening for graphics
processors},
 year = {2014}
}

